<?xml version="1.0" encoding="UTF-8"?><collection xmlns="http://www.loc.gov/MARC21/slim"><record><leader>00439nam--2200133-i-4500</leader><controlfield tag="001">000028048</controlfield><controlfield tag="002">20161230</controlfield><controlfield tag="005">20161230201037</controlfield><controlfield tag="008">060222s1000------------r-----000-0-eng-d</controlfield><datafield ind1=" " ind2=" " tag="080"><subfield code="a">624.057</subfield></datafield><datafield ind1=" " ind2=" " tag="100"><subfield code="a">Krupski, A.S</subfield></datafield><datafield ind1=" " ind2=" " tag="245"><subfield code="a">Montarea elementelor de constructii.probleme generale de organizare a lucrarilor de montare si utilajul folosit</subfield></datafield><datafield ind1=" " ind2=" " tag="260"><subfield code="a">Bucuresti,Editura De Stat Pentru Arhitectura Si Constructii, 1954. 210p</subfield></datafield><datafield ind1=" " ind2=" " tag="852"><subfield code="a">5841</subfield></datafield></record></collection>